@Book{boyle,
  author = 	 "R. D. Boyle and R. C. Thomas",
  title = 	 "Computer Vision - A First Course",
  publisher = 	 "Blackwell Scientific Publications",
  year = 	 1988
}

@incollection{aggarwal2012survey,
  title={A survey of text classification algorithms},
  author={Aggarwal, Charu C and Zhai, ChengXiang},
  booktitle={Mining text data},
  pages={163--222},
  year={2012},
  publisher={Springer}
}

@book{zitouni2014natural,
  title={Natural language processing of semitic languages},
  author={Zitouni, Imed},
  year={2014},
  publisher={Springer}
}

@inproceedings{miller1998bbn,
  title={BBN: Description of the SIFT system as used for MUC-7},
  author={Miller, Scott and Crystal, Michael and Fox, Heidi and Ramshaw, Lance and Schwartz, Richard and Stone, Rebecca and Weischedel, Ralph and others},
  booktitle={Seventh Message Understanding Conference (MUC-7): Proceedings of a Conference Held in Fairfax, Virginia, April 29-May 1, 1998},
  year={1998}
}

@inproceedings{mikheev1999named,
  title={Named entity recognition without gazetteers},
  author={Mikheev, Andrei and Moens, Marc and Grover, Claire},
  booktitle={Ninth Conference of the European Chapter of the Association for Computational Linguistics},
  year={1999}
}

@techreport{riloff2004introduction,
  title={An introduction to the sundance and autoslog systems},
  author={Riloff, Ellen and Phillips, William},
  year={2004},
  institution={Technical Report UUCS-04-015, School of Computing, University of Utah}
}

@article{cardie1997empirical,
  title={Empirical methods in information extraction},
  author={Cardie, Claire},
  journal={AI magazine},
  volume={18},
  number={4},
  pages={65--65},
  year={1997}
}

@article{virmani2017extracting,
  title={Extracting Information from Social Network using NLP},
  author={Virmani, Charu and Pillai, Anuradha and Juneja, Dimple},
  journal={International Journal of Computational Intelligence Research},
  volume={13},
  number={4},
  pages={621--630},
  year={2017}
}

@misc{LSTM-github,

   author = {Christopher Olah},

   title = {Understanding LSTM Networks},

   howpublished = {\url{http://colah.github.io/posts/2015-08-Understanding-LSTMs/}}

}

@misc{Twitter-website,

   author = {Twitter},

   title = {Twitter},

   howpublished = {\url{https://twitter.com/home}}

}

@misc{BBC-website,

   author = {BBC},

   title = {BBC},

   howpublished = {\url{https://www.bbc.co.uk/news/localnews/2643123-manchester/20}}

}

@misc{NLTK-doc,

   author = {University of Pennsylvania},

   title = {Natural Language Toolkit},

   howpublished = {\url{https://www.nltk.org/}}

}

@misc{gensim-doc,

   author = {Radim Řehůřek},

   title = {gensim},

   howpublished = {\url{https://radimrehurek.com/gensim/}}

}

@misc{Keras-doc,

   author = {François Chollet},

   title = {Keras},

   howpublished = {\url{https://keras.io/}}

}

@misc{POS-wiki,

   author = {Wikipedia},

   title = {Part-of-speech tagging},

   howpublished = {\url{https://en.wikipedia.org/wiki/Part-of-speech_tagging#:~:text=In%20corpus%20linguistics%2C%20part%2Dof,its%20definition%20and%20its%20context.}}

}


@misc{IE-github,

   author = {Wikipedia},

   title = {Information extraction},

   howpublished = {\url{https://en.wikipedia.org/wiki/Information_extraction}}

}

@misc{LSTM-wiki,

   author = {Wikipedia},

   title = {Understanding LSTM Networks},

   howpublished = {\url{https://en.wikipedia.org/wiki/Long_short-term_memory}}

}

@misc{NER-wiki,

   author = {Wikipedia},

   title = {Understanding LSTM Networks},

   howpublished = {\url{https://en.wikipedia.org/wiki/Named-entity_recognition}}

}

@inproceedings{li2015constructing,
  title={Constructing long short-term memory based deep recurrent neural networks for large vocabulary speech recognition},
  author={Li, Xiangang and Wu, Xihong},
  booktitle={2015 IEEE International Conference on Acoustics, Speech and Signal Processing (ICASSP)},
  pages={4520--4524},
  year={2015},
  organization={IEEE}
}

@article{graves2008novel,
  title={A novel connectionist system for unconstrained handwriting recognition},
  author={Graves, Alex and Liwicki, Marcus and Fern{\'a}ndez, Santiago and Bertolami, Roman and Bunke, Horst and Schmidhuber, J{\"u}rgen},
  journal={IEEE transactions on pattern analysis and machine intelligence},
  volume={31},
  number={5},
  pages={855--868},
  year={2008},
  publisher={IEEE}
}

@article{hochreiter9ja1,
  title={JA1 4 rgen Schmidhuber (1997).“Long Short-Term Memory”},
  author={Hochreiter, Sepp},
  journal={Neural Computation},
  volume={9},
  number={8}
}

@article{d2015real,
  title={Real-time detection of traffic from twitter stream analysis},
  author={D'Andrea, Eleonora and Ducange, Pietro and Lazzerini, Beatrice and Marcelloni, Francesco},
  journal={IEEE transactions on intelligent transportation systems},
  volume={16},
  number={4},
  pages={2269--2283},
  year={2015},
  publisher={IEEE}
}

@article{jagadish2014big,
  title={Big data and its technical challenges},
  author={Jagadish, Hosagrahar V and Gehrke, Johannes and Labrinidis, Alexandros and Papakonstantinou, Yannis and Patel, Jignesh M and Ramakrishnan, Raghu and Shahabi, Cyrus},
  journal={Communications of the ACM},
  volume={57},
  number={7},
  pages={86--94},
  year={2014},
  publisher={ACM New York, NY, USA}
}

@inproceedings{hutchins2008probabilistic,
  title={Probabilistic analysis of a large-scale urban traffic sensor data set},
  author={Hutchins, Jon and Ihler, Alexander and Smyth, Padhraic},
  booktitle={International Workshop on Knowledge Discovery from Sensor Data},
  pages={94--114},
  year={2008},
  organization={Springer}
}

@inproceedings{schulz2013see,
  title={I see a car crash: Real-time detection of small scale incidents in microblogs},
  author={Schulz, Axel and Ristoski, Petar and Paulheim, Heiko},
  booktitle={Extended semantic web conference},
  pages={22--33},
  year={2013},
  organization={Springer}
}
@inproceedings{abel2012twitcident,
  title={Twitcident: fighting fire with information from social web streams},
  author={Abel, Fabian and Hauff, Claudia and Houben, Geert-Jan and Stronkman, Richard and Tao, Ke},
  booktitle={Proceedings of the 21st International Conference on World Wide Web},
  pages={305--308},
  year={2012}
}

@article{abdelhaq2013eventweet,
  title={Eventweet: Online localized event detection from twitter},
  author={Abdelhaq, Hamed and Sengstock, Christian and Gertz, Michael},
  journal={Proceedings of the VLDB Endowment},
  volume={6},
  number={12},
  pages={1326--1329},
  year={2013},
  publisher={VLDB Endowment}
}

@inproceedings{lopes2010traffic,
  title={Traffic and mobility data collection for real-time applications},
  author={Lopes, J and Bento, J and Huang, E and Antoniou, Constantinos and Ben-Akiva, Moshe},
  booktitle={13th International IEEE Conference on Intelligent Transportation Systems},
  pages={216--223},
  year={2010},
  organization={IEEE}
}

@book{goodfellow2016deep,
  title={Deep learning},
  author={Goodfellow, Ian and Bengio, Yoshua and Courville, Aaron},
  year={2016},
  publisher={MIT press}
}

@article{sak2014long,
  title={Long short-term memory recurrent neural network architectures for large scale acoustic modeling},
  author={Sak, Hasim and Senior, Andrew W and Beaufays, Fran{\c{c}}oise},
  year={2014}
}

@article{fernandez2009novel,
  title={A novel connectionist system for improved unconstrained handwriting recognition},
  author={Fernandez, AGMLS and Bunke, R Bertolami H and Schmiduber, J},
  journal={IEEE Transactions on Pattern Analysis and Machine Intelligence},
  volume={31},
  number={5},
  year={2009}
}

@article{dupond2019thorough,
  title={A thorough review on the current advance of neural network structures},
  author={Dupond, Samuel},
  journal={Annual Reviews in Control},
  volume={14},
  pages={200--230},
  year={2019}
}

@misc{Wiki-ANN,
   author = {Wikipedia},
   title = {Artificial neural network},
   howpublished = {\url{https://en.wikipedia.org/wiki/Artificial_neural_network}}

}

@misc{MIT-NN,
   author = {Larry Hardesty},
   title = {Explained: Neural networks},
   howpublished = {\url{http://news.mit.edu/2017/explained-neural-networks-deep-learning-0414}}

}

@article{chen2019design,
  title={Design and implementation of cloud analytics-assisted smart power meters considering advanced artificial intelligence as edge analytics in demand-side management for smart homes},
  author={Chen, Yung-Yao and Lin, Yu-Hsiu and Kung, Chia-Ching and Chung, Ming-Han and Yen, I and others},
  journal={Sensors},
  volume={19},
  number={9},
  pages={2047},
  year={2019},
  publisher={Multidisciplinary Digital Publishing Institute}
}

@Book{kopka-old,
  author = 	 "Helmut Kopka and Patrick W. Daly",
  title = 	 "A guide to {\LaTeX}",
  publisher = 	 "Addison-Wesley",
  year = 	 1993
}

@Book{kopka,
  author = 	 "Helmut Kopka and Patrick W. Daly",
  title = 	 "A guide to {\LaTeXe}",
  publisher = 	 "Addison-Wesley",
  edition =      {2nd},
  isbn =         "0-201-42777-X",
  year = 	 1995
}

@Book{lamport,
  author = 	 "Leslie Lamport",
  title = 	 "{\LaTeX} -- A document preparation system",
  edition = 	 {2nd},
  publisher = 	 "Addison-Wesley",
  year = 	 1994
}

@Book{occam,
  author = 	 "D.Pountain and D.May",
  title = 	 "A tutorial introduction to occam programming",
  publisher = 	 "Blackwell Scientific Publications",
  year = 	 1987
}

@Article{rd-only,
  author = 	 "William Dyke",
  title = 	 "The Nutter's guide to {\LaTeX}",
  journal =	 "Read Only",
  year =	 1994,
  number =	 7,
  month =	 "May"
}


@misc{url-cite,
   author = "{\LaTeX} Team",
   title="{URL}s in {BibTeX} bibliographies",
   howpublished = "\url{http://www.tex.ac.uk/cgi-bin/texfaq2html?label=citeURL}",
   year = 2012
}